@article{de2023growing,
  title={The growing energy footprint of artificial intelligence},
  author={de Vries, Alex},
  journal={Joule},
  volume={7},
  number={10},
  pages={2191--2194},
  year={2023},
  publisher={Elsevier}
}
